@misc{sharelatex_wiki,
    title     = "ShareLaTeX GitHub wiki",
    url       = "https://github.com/sharelatex/sharelatex/wiki"
}
@misc{sharelatex_qsg,
    title     = "ShareLaTeX GitHub \enquote*{Quick Start Guide}",
    url       = "https://github.com/sharelatex/sharelatex/wiki/Quick-Start-Guide"
}
@misc{sharelatex_gh,
    title     = "ShareLaTeX GitHub repository",
    url       = "https://github.com/sharelatex"
}
@misc{sharelatex_docker_hub,
    title     = "ShareLaTeX Docker Hub repository",
    url       = "https://hub.docker.com/r/sharelatex/sharelatex/"
}
@misc{overleaf_v2,
    title     = "Overleaf v2 website",
    url       = "https://v2.overleaf.com"
}
@misc{docker,
    title     = "Docker website",
    url       = "https://www.docker.com"
}
@misc{docker_doc,
    title     = "Documentazione Docker",
    url       = "https://docs.docker.com"
}
@misc{docker_install,
    title     = "Guida d'installazione Docker CE",
    url       = "https://docs.docker.com/install/linux/docker-ce/ubuntu"
}
@misc{texlive_upgrade,
    title     = "Guida d'aggiornamento TeX Live",
    url       = "https://www.tug.org/texlive/upgrade.html"
}
@misc{mongodb_dump_restore,
    title     = "Guida backup e ripristino di MongoDB",
    url       = "https://docs.mongodb.com/manual/tutorial/backup-and-restore-tools"
}
@misc{mongodb,
    title     = "MongoDB website",
    url       = "https://www.mongodb.com"
}
@misc{redis,
    title     = "Redis website",
    url       = "https://redis.io"
}
@misc{texlive,
    title     = "TeX Live website",
    url       = "https://www.tug.org/texlive"
}
@misc{nginx,
    title     = "NGINX website",
    url       = "https://www.nginx.com"
}
@misc{nginx-proxy,
    title     = "NGINX-proxy Docker Hub repository",
    url       = "https://hub.docker.com/r/jwilder/nginx-proxy"
}
@misc{nginx-proxy-docker,
    author    = "Jason Wilder",
    title     = "Automated Nginx Reverse Proxy for Docker",
    url       = "http://jasonwilder.com/blog/2014/03/25/automated-nginx-reverse-proxy-for-docker"
}